@misc{geeksforgeeks,
    author = {GeeksforGeeks},
    title = {{AWK command in Unix/Linux}},
    howpublished = {\url{https://www.geeksforgeeks.org/awk-command-unixlinux-examples/}}
}

@misc{geeksforgeeks1,
    author = {GeeksforGeeks},
    title = {{Sed Command in Linux/Unix}},
    howpublished = {\url{https://www.geeksforgeeks.org/sed-command-in-linux-unix-with-examples/}}
}

@misc{unix-stackexchange,
    author = {Unix-stackexchange},
    title = {{AWK looping through files}},
    howpublished = {\url{https://unix.stackexchange.com/questions/426335/using-awk-and-looping-through-files-in-a-directory/}}
}
@misc{oreilly,
    author = {Oreilly},
    title = {{Reading Input Files}},
    howpublished = {\url{https://www.oreilly.com/library/view/effective-awk-programming/9781491904930/ch04.html/}}
}
@misc{computerworld,
    author = {Computerworld},
    title = {{Processing files with awk}},
    howpublished = {\url{https://www.computerworld.com/article/2794577/processing-files-with-awk.html/}}
}

@misc{unix,
    author = {Unix-shell-programming},
    title = {{Passing value as a command line argument in awk script.}},
    howpublished = {\url{https://www.unix.com/shell-programming-and-scripting/163946-passing-value-command-line-argument-awk-script.html/}}
}
